<record><leader>00000cas a22000007a 4500</leader><controlfield tag="001">20790727</controlfield><controlfield tag="008">891215c19699999couwr ne      0    0eng d</controlfield><datafield ind1=" " ind2=" " tag="010"><subfield code="a">sn 89052331 </subfield></datafield><datafield ind1=" " ind2=" " tag="040"><subfield code="a">CNQ</subfield><subfield code="b">eng</subfield><subfield code="c">CNQ</subfield><subfield code="d">OCLCQ</subfield></datafield><datafield ind1=" " ind2=" " tag="042"><subfield code="a">msc</subfield></datafield><datafield ind1="0" ind2="4" tag="245"><subfield code="a">The range ledger and the Cheyenne Wells record.</subfield></datafield><datafield ind1=" " ind2=" " tag="260"><subfield code="a">Cheyenne Wells, Colo. :</subfield><subfield code="b">Eastern Colorado Plainsman, Inc.</subfield></datafield><datafield ind1=" " ind2=" " tag="300"><subfield code="a">v.</subfield></datafield><datafield ind1=" " ind2=" " tag="310"><subfield code="a">Weekly</subfield></datafield><datafield ind1="0" ind2=" " tag="362"><subfield code="a">Vol. 75, no. 7 (Sept. 4, 1969) called also Plainsman vol. 58, no. 27-</subfield></datafield><datafield ind1=" " ind2=" " tag="530"><subfield code="a">Available on microfilm from the Colorado Historical Society.</subfield></datafield><datafield ind1=" " ind2=" " tag="752"><subfield code="a">United States</subfield><subfield code="b">Colorado</subfield><subfield code="c">Cheyenne</subfield><subfield code="d">Cheyenne Wells.</subfield></datafield><datafield ind1="0" ind2="4" tag="780"><subfield code="t">Kit Carson press</subfield></datafield><datafield ind1="0" ind2="4" tag="780"><subfield code="t">Cheyenne Wells record</subfield><subfield code="w">(DLC)sn 89052330</subfield></datafield><datafield ind1="0" ind2="6" tag="780"><subfield code="t">Eastern Colorado plainsman (Hugo, Colo. : 1942)</subfield><subfield code="w">(DLC)sn 90051775</subfield></datafield></record>